@ARTICLE{Barat2019,
       author = {{Barat}, Dilyar and {D'Eugenio}, Francesco and {Colless}, Matthew and
         {Brough}, Sarah and {Catinella}, Barbara and {Cortese}, Luca and
         {Croom}, Scott M. and {Medling}, Anne M. and {Oh}, Sree and {van de Sand
        e}, Jesse and {Sweet}, Sarah M. and {Yi}, Sukyoung K. and {Bland
        -Hawthorn}, Joss and {Bryant}, Julia and {Goodwin}, Michael and
         {Groves}, Brent and {Lawrence}, Jon and {Owers}, Matt S. and
         {Richards}, Samuel N. and {Scott}, Nicholas},
        title = "{The SAMI Galaxy Survey: mass-kinematics scaling relations}",
      journal = {\mnras},
     keywords = {Galaxy: kinematics and dynamics, Galaxy stellar content, Galaxy structure, Astrophysics - Astrophysics of Galaxies},
         year = "2019",
        month = "Aug",
       volume = {487},
       number = {2},
        pages = {2924-2936},
          doi = {10.1093/mnras/stz1439},
archivePrefix = {arXiv},
       eprint = {1905.12637},
 primaryClass = {astro-ph.GA},
       adsurl = {https://ui.adsabs.harvard.edu/abs/2019MNRAS.487.2924B},
      adsnote = {Provided by the SAO/NASA Astrophysics Data System}
}

